@misc{ABH-Freudenthal,
  title = {On {{P}}{\textasciicircum}1-Stabilization in Unstable Motivic Homotopy Theory},
  author = {Asok, Aravind and Bachmann, Tom and Hopkins, Michael J.},
  year = {2023},
  month = jun,
  number = {arXiv:2306.04631},
  eprint = {2306.04631},
  primaryclass = {math},
  publisher = {arXiv},
  urldate = {2023-09-17},
  archiveprefix = {arXiv},
  langid = {english},
  keywords = {14F42 19A13 55Pxx,Mathematics - Algebraic Geometry,Mathematics - Algebraic Topology,Mathematics - K-Theory and Homology}
}

@misc{ABH-nilpotent,
  title = {On the {{Whitehead}} Theorem for Nilpotent Motivic Spaces},
  author = {Asok, Aravind and Bachmann, Tom and Hopkins, Michael J.},
  year = {2024},
  month = apr,
  number = {arXiv:2210.05933},
  eprint = {2210.05933},
  primaryclass = {math},
  publisher = {arXiv},
  urldate = {2024-05-14},
  archiveprefix = {arXiv},
  langid = {english},
  keywords = {14F42 20F19 55S45,Mathematics - Algebraic Geometry,Mathematics - Algebraic Topology,Mathematics - Group Theory,Mathematics - K-Theory and Homology}
}

@article{AD-contractible,
  title = {Vector Bundles on Contractible Smooth Schemes},
  author = {Asok, Aravind and Doran, Brent},
  year = {2008},
  month = jun,
  journal = {Duke Mathematical Journal},
  volume = {143},
  number = {3},
  issn = {0012-7094},
  doi = {10.1215/00127094-2008-027},
  urldate = {2023-06-27},
  langid = {english}
}

@incollection{AE,
  title = {A Primer for Unstable Motivic Homotopy Theory},
  booktitle = {Proceedings of {{Symposia}} in {{Pure Mathematics}}},
  author = {Antieau, Benjamin and Elmanto, Elden},
  editor = {Coskun, Izzet and De Fernex, Tommaso and Gibney, Angela},
  year = {2017},
  volume = {95},
  pages = {305--370},
  publisher = {American Mathematical Society},
  address = {Providence, Rhode Island},
  doi = {10.1090/pspum/095/01637},
  urldate = {2024-09-27},
  isbn = {978-1-4704-3557-8 978-1-4704-4121-0 978-1-4704-4122-7},
  langid = {english}
}

@article{AF-JEMS,
  title = {Euler Class Groups and Motivic Stable Cohomotopy},
  author = {Asok, Aravind and Fasel, Jean},
  year = {2021},
  month = oct,
  journal = {Journal of the European Mathematical Society},
  volume = {24},
  number = {8},
  pages = {2775--2822},
  issn = {1435-9855},
  doi = {10.4171/JEMS/1156},
  urldate = {2023-07-19},
  langid = {english}
}

@article{AF-splitting,
  title = {Splitting Vector Bundles Outside the Stable Range and {{A1-homotopy}} Sheaves of Punctured Affine Spaces},
  author = {Asok, Aravind and Fasel, Jean},
  year = {2014},
  month = aug,
  journal = {Journal of the American Mathematical Society},
  volume = {28},
  number = {4},
  pages = {1031--1062},
  issn = {0894-0347, 1088-6834},
  doi = {10.1090/S0894-0347-2014-00818-3},
  urldate = {2023-06-25},
  langid = {english}
}

@misc{AF-survey,
  title = {Vector Bundles on Algebraic Varieties},
  author = {Asok, Aravind and Fasel, Jean},
  year = {2021},
  month = nov,
  number = {arXiv:2111.03107},
  eprint = {2111.03107},
  primaryclass = {math},
  publisher = {arXiv},
  urldate = {2024-06-29},
  archiveprefix = {arXiv},
  langid = {english},
  keywords = {14F42 32L05 55R25 13C10,Mathematics - Algebraic Geometry,Mathematics - Algebraic Topology,Mathematics - Commutative Algebra,Mathematics - K-Theory and Homology}
}

@incollection{AF2,
  title = {Secondary Characteristic Classes and the {{Euler}} Class},
  booktitle = {A {{Collection}} of {{Manuscripts Written}} in {{Honour}} of {{Alexander S}}. {{Merkurjev}} on the {{Occasion}} of {{His Sixtieth Birthday}}},
  author = {Asok, Aravind and Fasel, Jean},
  editor = {Balmer, Paul and Chernousov, Vladimir and Garibaldi, Skip and Fesenko, Ivan and Friedlander, Eric M. and Rehmann, Ulf and Reichstein, Zinovy},
  year = {2015},
  month = jan,
  edition = {1},
  pages = {7--29},
  publisher = {EMS Press},
  doi = {10.4171/dms/7/2},
  urldate = {2023-07-18},
  isbn = {978-3-936609-61-5 978-3-9854704-0-2},
  langid = {english}
}

@article{AF3,
  title = {A Cohomological Classification of Vector Bundles on Smooth Affine Threefolds},
  author = {Asok, Aravind and Fasel, Jean},
  year = {2014},
  month = nov,
  journal = {Duke Mathematical Journal},
  volume = {163},
  number = {14},
  issn = {0012-7094},
  doi = {10.1215/00127094-2819299},
  urldate = {2023-07-19},
  langid = {english}
}

@article{AHW1,
  title = {Affine Representability Results in {{A1-homotopy}} Theory, {{I}}: {{Vector}} Bundles},
  author = {Asok, Aravind and Hoyois, Marc and Wendt, Matthias},
  year = {2017},
  month = jul,
  journal = {Duke Mathematical Journal},
  volume = {166},
  number = {10},
  issn = {0012-7094},
  doi = {10.1215/00127094-0000014X},
  urldate = {2023-05-14},
  langid = {english}
}

@article{AHW2,
  title = {Affine Representability Results in {{A1-homotopy}} Theory, {{II}} : {{Principal}} Bundles and Homogeneous Spaces},
  author = {Asok, Aravind and Hoyois, Marc and Wendt, Matthias},
  year = {2018},
  month = jan,
  journal = {Geometry \& Topology},
  volume = {22},
  number = {2},
  pages = {1181--1225},
  issn = {1364-0380, 1465-3060},
  doi = {10.2140/gt.2018.22.1181},
  urldate = {2023-05-14},
  langid = {english}
}

@article{AHW3,
  title = {Affine Representability Results in {{A1-homotopy}} Theory {{III}}: {{Finite}} Fields and Complements},
  author = {Asok, Aravind and Hoyois, Marc and Wendt, Matthias},
  year = {2020},
  month = sep,
  journal = {Algebraic Geometry},
  pages = {634--644},
  issn = {22142584},
  doi = {10.14231/AG-2020-023},
  urldate = {2023-05-14},
  langid = {english}
}

@incollection{AO-contractible,
  title = {A1-Homotopy {{Theory}} and {{Contractible Varieties}}: {{A Survey}}},
  booktitle = {Homotopy {{Theory}} and {{Arithmetic Geometry}} -- {{Motivic}} and {{Diophantine Aspects}}},
  author = {Asok, Aravind and {\O}stv{\ae}r, Paul Arne},
  editor = {Neumann, Frank and P{\'a}l, Ambrus},
  year = {2021},
  volume = {2292},
  pages = {145--212},
  publisher = {Springer International Publishing},
  address = {Cham},
  doi = {10.1007/978-3-030-78977-0_5},
  urldate = {2025-02-13},
  isbn = {978-3-030-78976-3 978-3-030-78977-0},
  langid = {english}
}

@article{ArasonPfister,
  title = {{Beweis des Krullschen Durchschnittsatzes fiir den Wittring}},
  author = {Arason, J{\'o}n Kristinn and Pfister, Albrecht},
  year = {1971},
  journal = {Inventiones Mathematicae},
  volume = {12},
  pages = {173--176},
  langid = {ngerman}
}

@unpublished{Asok-A1AG,
  title = {Algebraic Geometry from an {{A1-homotopic}} Viewpoint},
  author = {Asok, Aravind},
  year = {2021},
  langid = {english}
}

@article{asokAlgebraicVectorBundles2014,
  title = {Algebraic Vector Bundles on Spheres},
  author = {Asok, Aravind and Fasel, Jean},
  year = {2014},
  month = sep,
  journal = {Journal of Topology},
  volume = {7},
  number = {3},
  pages = {894--926},
  issn = {17538416},
  doi = {10.1112/jtopol/jtt046},
  urldate = {2023-07-19},
  langid = {english}
}

@unpublished{asokJouanolouThomasonHomotopyLemma,
  title = {The {{Jouanolou-Thomason}} Homotopy Lemma},
  author = {Asok, Aravind},
  langid = {english}
}

@article{Bachmann-betti,
  title = {Motivic and Real {\'E}tale Stable Homotopy Theory},
  author = {Bachmann, Tom},
  year = {2018},
  month = may,
  journal = {Compositio Mathematica},
  volume = {154},
  number = {5},
  pages = {883--917},
  issn = {0010-437X, 1570-5846},
  doi = {10.1112/S0010437X17007710},
  urldate = {2025-02-12},
  copyright = {https://www.cambridge.org/core/terms},
  langid = {english}
}

@unpublished{Bachmann-K,
  title = {Algebraic {{K-theory}} from the Viewpoint of Motivic Homotopy Theory},
  author = {Bachmann, Tom},
  langid = {english}
}

@misc{Bachmannstrongly,
  title = {Strongly {{A}}{\textasciicircum}1-Invariant Sheaves (after {{F}}. {{Morel}})},
  author = {Bachmann, Tom},
  year = {2024},
  month = jun,
  number = {arXiv:2406.11526},
  eprint = {2406.11526},
  primaryclass = {math},
  publisher = {arXiv},
  urldate = {2024-07-07},
  archiveprefix = {arXiv},
  langid = {english},
  keywords = {Mathematics - Algebraic Geometry,Mathematics - Algebraic Topology,Mathematics - K-Theory and Homology}
}

@incollection{Bass-liberation,
  title = {Lib{\'e}ration Des Modules Projectifs Sur Certains Anneaux de Polyn{\^o}mes},
  booktitle = {S{\'e}minaire {{Bourbaki}}},
  author = {Bass, Hyman},
  year = {1974},
  series = {Lecture {{Notes}} in {{Mathematics}}},
  volume = {1973/74 Expos{\'e}s 436-452},
  pages = {225--254},
  publisher = {Springer-Verlag}
}

@article{BassSchanuel,
  title = {The Homotopy Theory of Projective Modules},
  author = {Bass, H. and Schanuel, S.},
  year = {1962},
  journal = {Bulletin of the American Mathematical Society},
  volume = {68},
  number = {4},
  pages = {425--428},
  issn = {0273-0979, 1088-9485},
  doi = {10.1090/S0002-9904-1962-10826-X},
  urldate = {2025-02-13},
  langid = {english}
}

@article{BehrensShah-C2betti,
  title = {C2-Equivariant Stable Homotopy from Realmotivic Stable Homotopy},
  author = {Behrens, Mark and Shah, Jay},
  year = {2020},
  month = jul,
  journal = {Annals of K-Theory},
  volume = {5},
  number = {3},
  pages = {411--464},
  issn = {2379-1691, 2379-1683},
  doi = {10.2140/akt.2020.5.411},
  urldate = {2025-02-12},
  langid = {english}
}

@article{BGT,
  title = {A Universal Characterization of Higher Algebraic {{K-theory}}},
  author = {Blumberg, Andrew J and Gepner, David and Tabuada, Gon{\c c}alo},
  year = {2013},
  month = apr,
  journal = {Geometry \& Topology},
  volume = {17},
  number = {2},
  pages = {733--838},
  issn = {1364-0380, 1465-3060},
  doi = {10.2140/gt.2013.17.733},
  urldate = {2025-02-13},
  langid = {english}
}

@article{BHQW,
  title = {Making the Motivic Group Structure on the Endomorphisms of the Projective Line Explicit},
  author = {Barth, Viktor Balch and Hornslien, William and Quick, Gereon and Wilson, Glen Matthew},
  year = {2024},
  langid = {english}
}

@article{Borsuk61,
  title = {Remarks on the Homotopic Join of Maps},
  author = {Borsuk, Karol},
  year = {1961},
  journal = {Fund. Math.},
  volume = {50},
  pages = {195--206}
}

@article{brownAbstractHomotopyTheory2024,
  title = {Abstract {{Homotopy Theory}} and {{Generalized Sheaf Cohomology}}},
  author = {Brown, Kenneth S.},
  year = {2024},
  langid = {english}
}

@misc{Carlier,
  title = {Milnor-{{Witt K-theory}} and {{Witt K-theory}} of a Field},
  author = {Carlier, Robin},
  year = {2023},
  month = jun,
  number = {arXiv:2306.16985},
  eprint = {2306.16985},
  primaryclass = {math},
  publisher = {arXiv},
  doi = {10.48550/arXiv.2306.16985},
  urldate = {2025-02-13},
  archiveprefix = {arXiv},
  langid = {english},
  keywords = {Mathematics - Algebraic Geometry,Mathematics - Algebraic Topology}
}

@article{Cazanave,
  title = {Algebraic Homotopy Classes of Rational Functions},
  author = {Cazanave, Christophe},
  year = {2012},
  journal = {Annales scientifiques de l'{\'E}cole normale sup{\'e}rieure},
  volume = {45},
  number = {4},
  pages = {511--534},
  issn = {0012-9593, 1873-2151},
  doi = {10.24033/asens.2172},
  urldate = {2021-08-02},
  langid = {english}
}

@phdthesis{Cazanave-thesis,
  title = {{Th{\'e}orie homotopique des sch{\'e}mas d'Atiyah et Hitchin}},
  author = {Cazanave, Christophe},
  year = {2009},
  langid = {french},
  school = {Universit{\'e} Paris 13}
}

@unpublished{chd,
  title = {Some Remarks on {{Galois}} Cohomology and Linear Algebraic Groups},
  author = {{Halleck-Dube}, Connor},
  langid = {english}
}

@article{choudhuryConnectivityMotivicHspaces2014,
  title = {Connectivity of Motivic {{H}}--Spaces},
  author = {Choudhury, Utsav},
  year = {2014},
  month = jan,
  journal = {Algebraic \& Geometric Topology},
  volume = {14},
  number = {1},
  pages = {37--55},
  issn = {1472-2739, 1472-2747},
  doi = {10.2140/agt.2014.14.37},
  urldate = {2024-07-07},
  langid = {english}
}

@phdthesis{choudhuryHomotopyTheorySchemes,
  title = {Homotopy Theory of Schemes and {{A1-fundamental}} Groups},
  author = {Choudhury, Utsav},
  langid = {english}
}

@article{Deglise-finite-corr,
  title = {{{FINITE CORRESPONDANCES AND TRANSFERS OVER A REGULAR BASE}}},
  author = {D{\'e}glise, Fr{\'e}d{\'e}ric},
  langid = {english}
}

@misc{Deglise-KMW,
  title = {Notes on {{Milnor-Witt K-theory}}},
  author = {D{\'e}glise, Fr{\'e}d{\'e}ric},
  year = {2023},
  month = may,
  number = {arXiv:2305.18609},
  eprint = {2305.18609},
  primaryclass = {math},
  publisher = {arXiv},
  urldate = {2024-07-10},
  archiveprefix = {arXiv},
  langid = {english},
  keywords = {14F42 11E81 11E39 19E99 11E04 16S10,Mathematics - Algebraic Geometry,Mathematics - Algebraic Topology,Mathematics - K-Theory and Homology}
}

@article{Deglise-MG,
  title = {Motifs {{G{\'e}n{\'e}riques}}},
  author = {D{\'e}glise, Fr{\'e}d{\'e}ric},
  year = {2008},
  journal = {REND. SEM. MAT. UNIV. PADOVA},
  volume = {119}
}

@article{Deglise-MH,
  title = {{Modules homotopiques}},
  author = {D{\'e}glise, F.},
  year = {2011},
  journal = {Documenta Mathematica},
  volume = {16},
  pages = {411--455},
  issn = {1431-0635, 1431-0643},
  doi = {10.4171/dm/337},
  urldate = {2024-10-10},
  langid = {french}
}

@article{DI-Hopf,
  title = {Motivic {{Hopf}} Elements and Relations},
  author = {Dugger, Daniel and Isaksen, Daniel C},
  year = {2013},
  journal = {New York J. Math.},
  volume = {19},
  pages = {823--871},
  langid = {english}
}

@article{Druzhinin,
  title = {The Naive {{Milnor}}--{{Witt K-theory}} Relations in the Stable Motivic Homotopy Groups over a Base},
  author = {Druzhinin, Andrei},
  year = {2021},
  month = dec,
  journal = {Annals of K-Theory},
  volume = {6},
  number = {4},
  pages = {651--671},
  issn = {2379-1691, 2379-1683},
  doi = {10.2140/akt.2021.6.651},
  urldate = {2024-11-14},
  langid = {english}
}

@article{Dugger-univ,
  title = {Universal {{Homotopy Theories}}},
  author = {Dugger, Daniel},
  year = {2001},
  month = dec,
  journal = {Advances in Mathematics},
  volume = {164},
  number = {1},
  pages = {144--176},
  issn = {00018708},
  doi = {10.1006/aima.2001.2014},
  urldate = {2024-08-27},
  copyright = {https://www.elsevier.com/tdm/userlicense/1.0/},
  langid = {english}
}

@article{duggerTopologicalHypercoversA1realizations2004,
  title = {Topological Hypercovers and {{A1-realizations}}},
  author = {Dugger, Daniel and Isaksen, Daniel C.},
  year = {2004},
  month = apr,
  journal = {Mathematische Zeitschrift},
  volume = {246},
  number = {4},
  pages = {667--689},
  issn = {0025-5874, 1432-1823},
  doi = {10.1007/s00209-003-0607-y},
  urldate = {2024-09-27},
  copyright = {http://www.springer.com/tdm},
  langid = {english}
}

@book{EKM,
  title = {The {{Algebraic}} and {{Geometric Theory}} of {{Quadratic Forms}}},
  author = {Elman, Richard and Karpenko, Nikita and Merkurjev, Alexander},
  year = {2008},
  month = jul,
  series = {Colloquium {{Publications}}},
  volume = {56},
  publisher = {American Mathematical Society},
  address = {Providence, Rhode Island},
  doi = {10.1090/coll/056},
  urldate = {2022-07-08},
  isbn = {978-0-8218-4329-1 978-1-4704-3202-7},
  langid = {english}
}

@article{elmantoMotivicInfiniteLoop2021,
  title = {Motivic Infinite Loop Spaces},
  author = {Elmanto, Elden and Hoyois, Marc and Khan, Adeel A. and Sosnilo, Vladimir and Yakerson, Maria},
  year = {2021},
  month = jul,
  eprint = {1711.05248},
  primaryclass = {math},
  urldate = {2024-07-07},
  archiveprefix = {arXiv},
  langid = {english},
  keywords = {Mathematics - Algebraic Geometry,Mathematics - Algebraic Topology,Mathematics - K-Theory and Homology}
}

@article{FAC,
  title = {Faisceaux Alg{\'e}briques Coh{\'e}rents},
  author = {Serre, Jean-Pierre},
  year = {1955},
  journal = {Annals of Mathematics},
  volume = {61},
  number = {2},
  pages = {197--278},
  langid = {english}
}

@article{Fasel-unim,
  title = {Some Remarks on Orbit Sets of Unimodular Rows},
  author = {Fasel, Jean},
  year = {2010},
  month = dec,
  journal = {Commentarii Mathematici Helvetici},
  volume = {86},
  number = {1},
  pages = {13--39},
  issn = {0010-2571, 1420-8946},
  doi = {10.4171/cmh/216},
  urldate = {2024-10-10},
  langid = {english}
}

@article{faselChowWittRing2007,
  title = {The {{Chow-Witt}} Ring},
  author = {Fasel, Jean},
  year = {2007},
  journal = {Documenta Mathematica},
  volume = {12},
  pages = {275--312},
  issn = {1431-0635, 1431-0643},
  doi = {10.4171/dm/226},
  urldate = {2024-10-10}
}

@phdthesis{Feld-thesis,
  title = {Faisceaux et Modules de {{Milnor-Witt Milnor-Witt}} Sheaves and Modules},
  author = {Feld, Niels},
  year = {2021},
  school = {Communaut{\'e} Universit{\'e} Grenoble Alps}
}

@book{Friedlander,
  title = {Etale Homotopy of Simplicial Schemes},
  author = {Friedlander, Eric M.},
  year = {1982},
  series = {Annals of {{Mathematics Studies}}},
  number = {104},
  publisher = {Princeton University Press}
}

@book{Fulton,
  title = {Intersection Theory},
  author = {Fulton, William},
  year = {1998}
}

@book{GilleSzamuely,
  title = {Central {{Simple Algebras}} and {{Galois Cohomology}}},
  author = {Gille, Philippe and Szamuely, Tam{\'a}s},
  year = {2017},
  month = aug,
  edition = {2},
  publisher = {Cambridge University Press},
  doi = {10.1017/9781316661277},
  urldate = {2024-10-17},
  copyright = {https://www.cambridge.org/core/terms},
  isbn = {978-1-107-15637-1 978-1-316-66127-7 978-1-316-60988-0},
  langid = {english}
}

@book{GoerssJardine,
  title = {Simplicial {{Homotopy Theory}}},
  author = {Goerss, Paul G and Jardine, John F},
  series = {Progress in {{Mathematics}}},
  volume = {174},
  langid = {english}
}

@incollection{GreenleesMay,
  title = {Equivariant Stable Homotopy Theory},
  booktitle = {Handbook of {{Algebraic Topology}}},
  author = {Greenlees, J P C and May, J P},
  year = {1995},
  pages = {277--323},
  isbn = {0-444-81779-4},
  langid = {english}
}

@article{Grothendieck-torsion,
  title = {{Torsion homologique et sections rationnelles}},
  author = {Grothendieck, Alexandre},
  year = {1958},
  journal = {S{\'e}minaire Claude Chevalley},
  volume = {3},
  pages = {1--29},
  langid = {french}
}

@article{GuillouIsaksen,
  title = {The {$\eta$}-Local Motivic Sphere},
  author = {Guillou, Bertrand J. and Isaksen, Daniel C.},
  year = {2015},
  month = oct,
  journal = {Journal of Pure and Applied Algebra},
  volume = {219},
  number = {10},
  pages = {4728--4756},
  issn = {00224049},
  doi = {10.1016/j.jpaa.2015.03.004},
  urldate = {2024-11-14},
  langid = {english}
}

@book{HA,
  title = {Higher {{Algebra}}},
  author = {Lurie, Jacob},
  year = {2017}
}

@misc{harpazIntroductionStableCategories,
  title = {Introduction to Stable {$\infty$}-Categories},
  author = {Harpaz, Yonatan},
  langid = {english}
}

@book{Hartshorne,
  title = {Algebraic {{Geometry}}},
  author = {Hartshorne, Robin},
  year = {1977},
  series = {Graduate {{Texts}} in {{Mathematics}}},
  volume = {52},
  publisher = {Springer New York},
  address = {New York, NY},
  doi = {10.1007/978-1-4757-3849-0},
  urldate = {2020-11-12},
  isbn = {978-1-4419-2807-8 978-1-4757-3849-0},
  langid = {english}
}

@article{HMH,
  title = {From Algebraic Cobordism to Motivic Cohomology},
  author = {Hoyois, Marc},
  year = {2015},
  month = may,
  journal = {Journal f{\"u}r die reine und angewandte Mathematik (Crelles Journal)},
  volume = {2015},
  number = {702},
  pages = {173--226},
  issn = {0075-4102, 1435-5345},
  doi = {10.1515/crelle-2013-0038},
  urldate = {2024-06-29},
  langid = {english}
}

@article{Hodge3,
  title = {{Th{\'e}orie de hodge, III}},
  author = {Deligne, Pierre},
  year = {1974},
  month = jan,
  journal = {Publications math{\'e}matiques de l'IH{\'E}S},
  volume = {44},
  number = {1},
  pages = {5--77},
  issn = {0073-8301, 1618-1913},
  doi = {10.1007/BF02685881},
  urldate = {2022-08-30},
  langid = {french}
}

@article{Hollander,
  title = {A Homotopy Theory for Stacks},
  author = {Hollander, Sharon},
  year = {2008},
  month = jan,
  journal = {Israel Journal of Mathematics},
  volume = {163},
  number = {1},
  pages = {93--124},
  issn = {0021-2172, 1565-8511},
  doi = {10.1007/s11856-008-0006-5},
  urldate = {2023-09-07},
  langid = {english}
}

@article{Hoyois,
  title = {A Quadratic Refinement of the {{Grothendieck}}--{{Lefschetz}}--{{Verdier}} Trace Formula},
  author = {Hoyois, Marc},
  year = {2015},
  month = jan,
  journal = {Algebraic \& Geometric Topology},
  volume = {14},
  number = {6},
  pages = {3603--3658},
  issn = {1472-2739, 1472-2747},
  doi = {10.2140/agt.2014.14.3603},
  urldate = {2020-11-09},
  langid = {english}
}

@unpublished{Hoyois-Steinberg,
  title = {The {{Steinberg}} Relation},
  author = {Hoyois, Marc},
  year = {2018},
  langid = {english}
}

@article{Hoyois6,
  title = {The Six Operations in Equivariant Motivic Homotopy Theory},
  author = {Hoyois, Marc},
  year = {2017},
  month = jan,
  journal = {Advances in Mathematics},
  volume = {305},
  pages = {197--279},
  issn = {00018708},
  doi = {10.1016/j.aim.2016.09.031},
  urldate = {2024-03-28},
  langid = {english}
}

@book{HTT,
  title = {Higher Topos Theory},
  author = {Lurie, Jacob},
  year = {2009},
  series = {Annals of Mathematics Studies},
  number = {no. 170},
  publisher = {Princeton University Press},
  address = {Princeton, N.J},
  isbn = {978-0-691-14048-3 978-0-691-14049-0},
  langid = {english},
  lccn = {QA169 .L87 2009},
  keywords = {Categories (Mathematics),Toposes}
}

@article{huSteinbergRelationA1stable2001,
  title = {The {{Steinberg}} Relation in {{A1-stable}} Homotopy},
  author = {Hu, Po and Kriz, Igor},
  year = {2001},
  journal = {International Mathematics Research Notices},
  volume = {17}
}

@article{Hutchinson,
  title = {A New Approach to {{Matsumoto}}'s Theorem},
  author = {Hutchinson, Kevin},
  year = {1990},
  month = mar,
  journal = {K-Theory},
  volume = {4},
  number = {2},
  pages = {181--200},
  issn = {15730514, 09203036},
  doi = {10.1007/BF00533156},
  urldate = {2024-12-05},
  langid = {english}
}

@unpublished{joyalNotesSimplicialHomotopy2008,
  title = {Notes on Simplicial Homotopy Theory},
  author = {Joyal, Andr{\'e} and Tierney, Miles},
  year = {2008}
}

@incollection{KS-Global,
  title = {Global Class Field Theory of Arithmetic Schemes},
  booktitle = {Contemporary {{Mathematics}}},
  author = {Kato, Kazuya and Saito, Shuji},
  editor = {Bloch, Spencer J. and Dennis, R. Keith and Friedlander, Eric M. and Stein, Michael R.},
  year = {1986},
  volume = {55.1},
  pages = {255--331},
  publisher = {American Mathematical Society},
  address = {Providence, Rhode Island},
  urldate = {2025-02-07},
  isbn = {978-0-8218-5055-8 978-0-8218-7641-1},
  langid = {english}
}

@article{KumarMurthy,
  title = {Algebraic {{Cycles}} and {{Vector Bundles}} over {{Affine Three-Folds}}},
  author = {Mohan Kumar, N. and Murthy, M. Pavaman},
  year = {1982},
  month = nov,
  journal = {The Annals of Mathematics},
  volume = {116},
  number = {3},
  eprint = {2007024},
  eprinttype = {jstor},
  pages = {579},
  issn = {0003486X},
  doi = {10.2307/2007024},
  urldate = {2023-06-28},
  langid = {english}
}

@book{Lam,
  title = {Serre's Problem on Projective Modules},
  author = {Lam, T. Y.},
  year = {2006},
  series = {Springer Monographs in Mathematics},
  publisher = {Springer},
  address = {Berlin ; New York},
  isbn = {978-3-540-23317-6},
  langid = {english},
  lccn = {QA247.3 .L35 2006},
  keywords = {Commutative algebra,Geometry Algebraic,Projective modules (Algebra)}
}

@book{Lam-quad,
  title = {Introduction to {{Quadratic Forms}} over {{Fields}}},
  author = {Lam, T.Y.},
  year = {2004},
  month = dec,
  series = {Graduate {{Studies}} in {{Mathematics}}},
  volume = {67},
  publisher = {American Mathematical Society},
  address = {Providence, Rhode Island},
  doi = {10.1090/gsm/067},
  urldate = {2020-11-12},
  isbn = {978-0-8218-1095-8 978-1-4704-2108-3},
  langid = {english}
}

@article{Lerbet,
  title = {Motivic Stable Cohomotopy and Unimodular Rows},
  author = {Lerbet, Samuel},
  year = {2024},
  month = jan,
  journal = {Advances in Mathematics},
  volume = {436},
  pages = {109415},
  issn = {00018708},
  doi = {10.1016/j.aim.2023.109415},
  urldate = {2025-02-13},
  langid = {english}
}

@article{levineThreeLecturesQuadratica,
  title = {Three Lectures on Quadratic Enumerative Geometry},
  author = {Levine, Marc},
  langid = {english}
}

@incollection{Lindel82,
  title = {On Projective Modules over Polynomial Rings over Regular Rings},
  booktitle = {Algebraic {{K-Theory}}},
  author = {Lindel, Hartmut},
  editor = {Dennis, R. Keith},
  year = {1982},
  volume = {966},
  pages = {169--179},
  publisher = {Springer Berlin Heidelberg},
  address = {Berlin, Heidelberg},
  doi = {10.1007/BFb0062174},
  urldate = {2023-09-29},
  isbn = {978-3-540-11965-4 978-3-540-39553-9},
  langid = {english}
}

@article{McDuffSegal,
  title = {Homology Fibrations and the "Group-Completion" Theorem},
  shorttitle = {Homology Fibrations and The ?},
  author = {McDuff, D. and Segal, G.},
  year = {1976},
  month = oct,
  journal = {Inventiones Mathematicae},
  volume = {31},
  number = {3},
  pages = {279--284},
  issn = {0020-9910, 1432-1297},
  doi = {10.1007/BF01403148},
  urldate = {2025-02-13},
  copyright = {http://www.springer.com/tdm},
  langid = {english}
}

@book{MilneAG,
  title = {Algebraic {{Groups}}: {{The Theory}} of {{Group Schemes}} of {{Finite Type}} over a {{Field}}},
  shorttitle = {Algebraic {{Groups}}},
  author = {Milne, J. S.},
  year = {2017},
  month = sep,
  edition = {1},
  publisher = {Cambridge University Press},
  doi = {10.1017/9781316711736},
  urldate = {2024-09-10},
  copyright = {https://www.cambridge.org/core/terms},
  isbn = {978-1-107-16748-3 978-1-316-71173-6},
  langid = {english}
}

@article{MilneLEC,
  title = {Lectures on Etale Cohomology},
  author = {Milne, J S},
  year = {2013},
  pages = {202},
  langid = {english}
}

@article{MilnorK,
  title = {Algebraic {{K-theory}} and Quadratic Forms},
  author = {Milnor, John},
  year = {1970},
  month = dec,
  journal = {Inventiones Mathematicae},
  volume = {9},
  number = {4},
  pages = {318--344},
  issn = {0020-9910, 1432-1297},
  doi = {10.1007/BF01425486},
  urldate = {2021-05-21},
  langid = {english}
}

@book{Morel,
  title = {A1-{{Algebraic Topology}} over a {{Field}}},
  author = {Morel, Fabien},
  year = {2012},
  series = {Lecture {{Notes}} in {{Mathematics}}},
  volume = {2052},
  publisher = {Springer Berlin Heidelberg},
  address = {Berlin, Heidelberg},
  doi = {10.1007/978-3-642-29514-0},
  urldate = {2024-03-16},
  isbn = {978-3-642-29513-3 978-3-642-29514-0},
  langid = {english}
}

@incollection{Morel-pi0,
  title = {On the {{Motivic}} {$\Pi$}0 of the {{Sphere Spectrum}}},
  booktitle = {Axiomatic, {{Enriched}} and {{Motivic Homotopy Theory}}},
  author = {Morel, Fabien},
  editor = {Greenlees, J. P. C.},
  year = {2004},
  pages = {219--260},
  publisher = {Springer Netherlands},
  address = {Dordrecht},
  doi = {10.1007/978-94-007-0948-5_7},
  urldate = {2020-11-09},
  isbn = {978-1-4020-1834-3 978-94-007-0948-5},
  langid = {english}
}

@incollection{Morel-trieste,
  title = {An Introduction to {{A1-homotopy}} Theory},
  booktitle = {Contemporary Developments in Algebraic {{K-theory}}},
  author = {Morel, Fabien},
  year = {2004},
  series = {{{ICTP Lect}}. {{Notes}}},
  volume = {XV},
  pages = {357--441},
  publisher = {Abdus Salam Int. Cent. Theoret. Phys.},
  address = {Trieste},
  langid = {english}
}

@article{Murthy94,
  title = {Zero {{Cycles}} and {{Projective Modules}}},
  author = {Murthy, M. Pavaman},
  year = {1994},
  month = sep,
  journal = {The Annals of Mathematics},
  volume = {140},
  number = {2},
  eprint = {2118605},
  eprinttype = {jstor},
  pages = {405},
  issn = {0003486X},
  doi = {10.2307/2118605},
  urldate = {2023-06-28},
  langid = {english}
}

@article{MurthySwan,
  title = {Vector Bundles over Affine Surfaces},
  author = {Murthy, M. Pavaman and Swan, Richard G.},
  year = {1976},
  journal = {Inventiones Mathematicae},
  volume = {36},
  pages = {125--165}
}

@article{MV,
  title = {A1-Homotopy Theory of Schemes},
  author = {Morel, Fabien and Voevodsky, Vladimir},
  year = {1999},
  month = dec,
  journal = {Publications math{\'e}matiques de l'IH{\'E}S},
  volume = {90},
  number = {1},
  pages = {45--143},
  issn = {0073-8301, 1618-1913},
  doi = {10.1007/BF02698831},
  urldate = {2020-11-09},
  langid = {english}
}

@article{Nikolaus-gp,
  title = {The Group Completion Theorem via Localizations of Ring Spectra},
  author = {Nikolaus, Thomas},
  langid = {english}
}

@article{Nis80,
  title = {Arithmetic and Cohomology Invariants of Semisimple Group Schemes and Compactifications of Locally Symmetric Spaces},
  author = {Nisnevich, E. A.},
  year = {1980},
  month = jan,
  journal = {Functional Analysis and Its Applications},
  volume = {14},
  number = {1},
  pages = {61--62},
  issn = {0016-2663, 1573-8485},
  doi = {10.1007/BF01078427},
  urldate = {2025-02-07},
  copyright = {http://www.springer.com/tdm},
  langid = {english}
}

@incollection{Nisnevich-cd,
  title = {The Completely Decomposed Topology on Schemes and Associated Descent Spectral Sequences in Algebraic {{K-theory}}},
  booktitle = {Algebraic {{K-theory}}: Connections with Geometry and Topology, {{Lake Louise}}, {{AB}}, 1987},
  author = {Nisnevich, Yeo A},
  year = {1987},
  series = {{{NATO Adv}}. {{Sci}}. {{Inst}}. {{Ser}}. {{C}}: {{Math}}. {{Phys}}. {{Sci}}.},
  volume = {279},
  pages = {241--342},
  publisher = {Kluwer Acad. Publ.},
  address = {Dordrecht},
  langid = {english}
}

@article{PeterSanath,
  title = {On the {{James}} and {{Hilton-Milnor}} Splittings, and the Metastable {{EHP}} Sequence},
  author = {Devalapurkar, Sanath and Haine, Peter},
  year = {2021},
  journal = {Documenta Mathematica},
  volume = {26},
  pages = {1423--1464},
  issn = {1431-0635,1431-0643},
  mrnumber = {4334846}
}

@incollection{Quillen-K1,
  title = {Higher Algebraic {{K-theory I}}},
  booktitle = {Proceedings of the {{Conference}} Held at the {{Seattle Research Center}} of the {{Battelle Memorial Institute}}, from {{August}} 28 to {{September}} 8, 1972},
  author = {Quillen, Dan},
  editor = {Bass, Hyman},
  year = {1973},
  series = {Lecture {{Notes}} in {{Math}}.},
  volume = {341},
  pages = {85--147},
  publisher = {Springer-Verlag},
  address = {Berlin;New York}
}

@article{Quillen76,
  title = {Projective Modules over Polynomial Rings},
  author = {Quillen, Dan},
  year = {1976},
  journal = {Inventiones Mathematicae},
  volume = {36},
  pages = {167--171}
}

@article{Riehl-categorical-htpy,
  title = {Categorical Homotopy Theory},
  author = {Riehl, Emily},
  pages = {292},
  langid = {english}
}

@article{Robalo,
  title = {K-Theory and the Bridge from Motives to Noncommutative Motives},
  author = {Robalo, Marco},
  year = {2015},
  month = jan,
  journal = {Advances in Mathematics},
  volume = {269},
  pages = {399--550},
  issn = {00018708},
  doi = {10.1016/j.aim.2014.10.011},
  urldate = {2024-11-10},
  langid = {english}
}

@article{RSO,
  title = {The First Stable Homotopy Groups of Motivic Spheres},
  author = {R{\"o}ndigs, Oliver and Spitzweck, Markus and {\O}stv{\ae}r, Paul},
  year = {2019},
  month = jan,
  journal = {Annals of Mathematics},
  volume = {189},
  number = {1},
  issn = {0003-486X},
  doi = {10.4007/annals.2019.189.1.1},
  urldate = {2023-07-19},
  langid = {english}
}

@unpublished{SAG,
  title = {Spectral Algebraic Geometry},
  author = {Lurie, Jacob},
  year = {2018}
}

@incollection{Serre-dubreil58,
  title = {{Modules projectifs et espaces fibr{\'e}s {\`a} fibre vectorielle}},
  booktitle = {{S{\'e}minaire P. Dubreil. Alg{\`e}bre et th{\'e}orie des nombres}},
  author = {Serre, Jean-Pierre},
  year = {1958},
  volume = {Tome 11, no. 2},
  pages = {Expos{\'e} 23, 18},
  publisher = {Secr{\'e}tariat math{\'e}matique},
  urldate = {2025-02-12},
  langid = {french}
}

@book{SGA6,
  title = {Th{\'e}orie Des {{Intersections}} et {{Th{\'e}or{\`e}me}} de {{Riemann-Roch}}},
  shorttitle = {{{SGA6}}},
  author = {Berthelot, P. and Grothendieck, A. and Illusie, L.},
  year = {1971},
  series = {Lecture {{Notes}} in {{Mathematics}}},
  number = {225},
  publisher = {Springer-Verlag}
}

@article{Shah-parametrized,
  title = {Parametrized Higher Category Theory},
  author = {Shah, Jay},
  year = {2023},
  month = may,
  journal = {Algebraic \& Geometric Topology},
  volume = {23},
  number = {2},
  pages = {509--644},
  issn = {1472-2739, 1472-2747},
  doi = {10.2140/agt.2023.23.509},
  urldate = {2025-02-13},
  langid = {english}
}

@misc{Stacks,
  title = {Stacks {{Project}}},
  shorttitle = {Stacks},
  author = {Stacks Project Authors},
  howpublished = {https://stacks.math.columbia.edu/}
}

@incollection{Suslin-Mennicke,
  title = {Mennicke Symbols and Their Applications in the K-Theory of Fields},
  booktitle = {Algebraic {{K-Theory}}},
  author = {Suslin, A. A.},
  editor = {Dennis, R. Keith},
  year = {1982},
  volume = {966},
  pages = {334--356},
  publisher = {Springer Berlin Heidelberg},
  address = {Berlin, Heidelberg},
  doi = {10.1007/BFb0062182},
  urldate = {2024-07-14},
  copyright = {http://www.springer.com/tdm},
  isbn = {978-3-540-11965-4 978-3-540-39553-9},
  langid = {english}
}

@article{Suslin76,
  title = {{Projective modules over a polynomial ring are free}},
  author = {Suslin, A. A.},
  year = {1976},
  journal = {Dokl. Akad. Nauk SSSR},
  volume = {229},
  number = {5},
  pages = {1063--1066},
  langid = {russian}
}

@article{Swan-gens,
  title = {The Number of Generators of a Module},
  author = {Swan, Richard G},
  year = {1967},
  journal = {Math. Z.},
  volume = {102},
  pages = {318--322},
  langid = {english}
}

@article{Tohoku,
  title = {Sur Quelques Points d'alg{\`e}bre Homologique},
  author = {Grothendieck, Alexander},
  year = {1957},
  journal = {The Tohoku Mathematical Journal. Second Series},
  volume = {9},
  pages = {119--221},
  issn = {0040-8735,2186-585X},
  doi = {10.2748/tmj/1178244839},
  mrnumber = {102537}
}

@article{Traverso,
  title = {Seminormality and {{Picard}} Group},
  author = {Traverso, Carlo},
  year = {1970},
  journal = {Ann. Scuola Norm. Sup. Pisa Cl. Sci.},
  volume = {3},
  number = {24},
  pages = {585--595},
  langid = {english}
}

@incollection{TT,
  title = {Higher Algebraic {{K-theory}} of Schemes and of Derived Categories},
  booktitle = {The {{Grothendieck Festschrift}}, {{Vol}}. {{III}}},
  author = {Thomason, R. W. and Trobaugh, Thomas},
  year = {1990},
  series = {Progress in {{Mathematics}}},
  volume = {88},
  pages = {247--435},
  publisher = {Birkh{\"a}user Boston},
  address = {Boston, MA}
}

@article{vdk,
  title = {A Module Structure on Certain Orbit Sets of Unimodular Rows},
  author = {Van Der Kallen, Wilberd},
  year = {1989},
  month = apr,
  journal = {Journal of Pure and Applied Algebra},
  volume = {57},
  number = {3},
  pages = {281--316},
  issn = {00224049},
  doi = {10.1016/0022-4049(89)90035-2},
  urldate = {2025-02-13},
  copyright = {https://www.elsevier.com/tdm/userlicense/1.0/},
  langid = {english}
}

@incollection{vdk2,
  title = {From {{Mennicke}} Symbols to {{Euler}} Class Groups},
  booktitle = {Algebra, Arithmetic and Geometry, {{Part I}}, {{II}} ({{Mumbai}}, 2000)},
  author = {{van der Kallen}, Wilberd},
  year = {2002},
  series = {Tata {{Inst}}. {{Fund}}. {{Res}}. {{Stud}}. {{Math}}.},
  volume = {16},
  pages = {341--354},
  publisher = {Tata Inst. Fund. Res., Bombay},
  isbn = {978-81-7319-476-4},
  mrnumber = {1940672}
}

@article{Vorst,
  title = {The General Linear Group of Polynomial Rings over Regular Rings},
  author = {Vorst, Ton},
  year = {1981},
  journal = {Communications in Algebra},
  volume = {9},
  number = {5},
  pages = {499--509},
  issn = {0092-7872,1532-4125},
  doi = {10.1080/00927878108822596},
  mrnumber = {606650}
}

@book{Weibel,
  title = {An {{Introduction}} to {{Homological Algebra}}},
  author = {Weibel, Charles A.},
  year = {1994},
  month = apr,
  edition = {1},
  publisher = {Cambridge University Press},
  doi = {10.1017/CBO9781139644136},
  urldate = {2022-03-03},
  isbn = {978-0-521-43500-0 978-0-521-55987-4 978-1-139-64413-6},
  langid = {english}
}

@book{Weibel-K,
  title = {The {{K-book}}},
  author = {Weibel, Charles A.},
  year = {2013},
  series = {Graduate {{Studies}} in {{Mathematics}}},
  volume = {145},
  publisher = {American Mathematical                     Society},
  address = {Providence, R.I.}
}

@incollection{Weibel-KH,
  title = {Homotopy Algebraic {{K-theory}}},
  booktitle = {Algebraic {{K-theory}} and Algebraic Number Theory ({{Honolulu}}, {{HI}}, 1987)},
  author = {Weibel, Charles A.},
  year = {1989},
  series = {Contemp. {{Math}}.},
  volume = {83},
  pages = {461--488},
  publisher = {Amer. Math. Soc., Providence, RI},
  doi = {10.1090/conm/083/991991},
  isbn = {978-0-8218-5090-9},
  mrnumber = {991991}
}

@article{williamsNotesHomotopyA12020,
  title = {Notes on {{Homotopy}} and {{A1}} Homotopy---v1.24},
  author = {Williams, Ben},
  year = {2020},
  langid = {english}
}

@unpublished{Youcis,
  title = {A Brief Discussion of Torsors},
  author = {Youcis, Alex}
}
